2514 4484
609 545 683 601 34
1114 529 1842 586 mssER‘rATro.

616 672 811 733 nobiae
851 671 1115 735 animum
1150 673 1377 736 addidit
1414 675 1490 735 ad
1524 674 1743 757 jugum
1782 675 2128 736 Romanum
2156 677 2335 732 cxcii*
2373 681 2378 689 ’

614 768 909 840 tiendum,
939 768 1001 829 in
1026 770 1140 832 hoc
1167 769 1348 832 etiam
1380 771 1644 832 imitatus
1673 772 1983 832 Platonem
2009 768 2200 840 suum,
2230 766 2336 848 qni

616 865 878 933 Dionem
905 887 942 927 a
966 866 1021 927 se
1048 868 1349 929 eruditum
1388 867 1513 948 pari
1555 866 1779 949 ratione
1806 866 1880 928 ad
1909 864 2160 946 patriam
2185 863 2336 925 libe*

615 963 861 1025 randam
886 962 1127 1045 impulit
1164 978 1224 1027 et
1260 965 1527 1026 armavit.
1613 966 1807 1036 Tum,
1835 963 2047 1024 eodem
2070 962 2336 1036 auctore,

619 1062 888 1123 Zenobia
936 1062 1161 1123 nobiles
1210 1063 1332 1124 illas
1381 1065 1457 1123 ad
1508 1062 1895 1124 Aurelianum
1943 1059 2155 1132 literas,
2202 1074 2337 1139 quae

615 1158 747 1221 sunt
782 1161 940 1239 apud
968 1159 1309 1241 Vopiscum,
1354 1161 1654 1223 Aurelian.
1691 1180 1790 1242 27.
1833 1158 2074 1238 scripfit.
2155 1158 2335 1239 Qut,

534 1273 557 1299 ⁸
614 1278 755 1319 cum
782 1259 918 1338 plus
942 1257 1193 1338 spiritus,
1223 1279 1406 1340 quam
1437 1257 1720 1320 Zenobiae
1759 1269 2026 1336 tempora
2053 1253 2338 1325 ferebant,

614 1354 829 1415 habere
895 1355 1253 1429 viderentur,
1325 1355 1603 1437 Longino
1669 1353 1925 1419 exitium
1987 1352 2338 1412 attulean

617 1451 856 1534 Qippe
902 1452 1276 1523 AurelianuS,
1324 1450 1392 1512 iis
1438 1451 1622 1523 lectiS,
1666 1451 1749 1512 fic
1783 1451 2014 1520 exarsit,
2054 1461 2124 1510 ut
2168 1467 2338 1518 mox,

619 1549 889 1628 Palmyra
933 1562 1289 1631 expugnata,
1339 1550 1413 1610 de
1462 1548 1738 1631 Longino
1781 1545 2136 1628 supplicium
2189 1545 2342 1608 sumi

607 1645 865 1724 juberet.
938 1646 1246 1727 Vopiscus,
1276 1645 1576 1706 Aurelian.
1611 1666 1710 1726 30.
1768 1645 1963 1705 Grave'
1985 1646 2123 1704 inter
2147 1663 2230 1704 eos
2258 1645 2349 1729 qui

615 1746 742 1821 coest
759 1749 907 1827 sunt,
938 1745 1004 1804 de
1034 1745 1268 1826 Longino
1291 1744 1578 1826 philosopho
1587 1745 1747 1824 fuiffe
1766 1741 2094 1823 perhibetur,
2124 1762 2218 1824 quo
2243 1743 2343 1802 illa

617 1842 855 1923 magistro
880 1842 969 1922 usa
1005 1844 1095 1921 effl’
1121 1842 1200 1901 ad
1231 1841 1447 1900 Graecas
1474 1842 1655 1900 literas
1681 1841 1878 1900 dicitur
1898 1863 1918 1899 .·
1962 1860 2107 1921 quem
2135 1838 2342 1921 quidem

618 1940 931 1998 Aurelianus
976 1935 1167 1998 idcirco
1213 1937 1407 1997 dicitur
1451 1938 1699 2017 occidiffl’,
1749 1937 1887 2018 quod
1912 1936 2193 2018 superbior
2245 1937 2342 1996 illa
2423 1980 2426 1981 ν

616 2039 822 2117 epistola
849 2036 999 2117 aplius
1027 2037 1285 2095 diceretur
1319 2035 1525 2094 difflata
1550 2035 1772 2111 consilio,
1797 2034 2059 2115 quamvis
2072 2034 2203 2112 Sym
2229 2033 2345 2112 qffet

602 2136 838 2217 sermone
867 2147 1123 2194 contexta.
1195 2131 1370 2192 Adde
1399 2132 1643 2192 Suidam
1673 2153 1730 2191 v.
1760 2119 2030 2210 Λογγῖνοξ.
2114 2130 2186 2190 In
2222 2131 2343 2192 hoc

620 2243 746 2293 tam
788 2228 948 2312 gravi
989 2229 1144 2301 casu,
1189 2226 1400 2300 nesci0‚
1444 2248 1519 2289 an
1563 2228 1871 2309 Longinus
1900 2227 2221 2307 quicquam
2249 2226 2343 2287 vi-

621 2328 771 2389 derit
801 2326 1117 2409 indigniuS,
1149 2347 1327 2407 quam
1369 2346 1474 2405 pro
1513 2324 1685 2386 bonis
1711 2324 1954 2386 consiliis
1986 2326 2199 2385 malam
2221 2324 2340 2387 fibi

621 2425 870 2508 gratiam
909 2447 944 2485 a
985 2422 1254 2486 Zenobia
1296 2421 1507 2484 referri.
1591 2423 1748 2483 Haec
1795 2421 1976 2494 enim,
2021 2441 2164 2483 cum
2205 2434 2342 2483 ante

620 2523 896 2584 omnibus
941 2522 1000 2582 in
1053 2522 1224 2582 rebus
1267 2519 1490 2581 virilem
1548 2520 1814 2580 animum
1862 2518 2128 2601 geffiffet,
2184 2537 2344 2581 nune

622 2619 825 2681 mortis
854 2630 1022 2680 metu
1048 2617 1375 2689 debilitata,
1399 2618 1472 2678 ad
1500 2617 1782 2678 muliebre
1815 2615 2117 2698 ingenium
2145 2616 2342 2690 rediit,

621 2720 683 2781 id
711 2718 812 2790 est,
839 2717 998 2779 suam
1029 2714 1424 2778 innocentiam
1457 2714 1721 2794 jactavit,
1754 2713 2153 2795 invidiamque
2181 2713 2344 2786 belli,

622 2817 785 2898 quod
818 2812 1105 2876 Romanis
1131 2812 1367 2886 fecisset,
1398 2833 1536 2872 cum
1579 2811 1640 2872 in
1673 2809 1837 2883 alim,
1870 2821 2000 2872 tum
2030 2810 2091 2872 in
2119 2810 2346 2896 Longi-

624 2934 791 2985 num,
833 2909 1128 2991 relegavit.
1215 2907 1529 2969 Zosimus
1515 2929 1553 2969 ι.
1585 2910 1685 2988 56.
1732 2909 1831 2968 ἐπεὶ
1874 2914 1922 2969 δὲ
1958 2909 2122 2974 αἰτίας
2156 2912 2342 2990 ἔλεγεν,

624 3012 790 3075 iau-rm
819 3010 1078 3091 {Eulogo-a,
1109 3007 1308 3072 πολλάς
1347 3033 1399 3065 τε
1440 3005 1601 3069 αλλες
1626 3033 1742 3084 ηγεν
1777 3007 1838 3069 εἷς
1870 3010 2037 3084 μέσον,
2077 3033 2135 3070 ως
2168 3013 2344 3090 παραί-

621 3112 877 3187 γαγὸντας
906 3133 985 3164 0⁸ss
1011 3109 1242 3184 γυναῖκα
1291 3106 1335 3161 ἐν
1363 3130 1431 3168 0⁸5
1459 3131 1501 3184 ᾖ
1529 3100 1827 3181 Λθγγῖνοςγ
1798 3129 1876 3176 ἦν,
1905 3129 1954 3161 00
1986 3101 2346 3181 συγῖρψα.

623 3208 688 3270 ἔςι
728 3207 867 3283 μέγα
907 3207 1008 3267 τοῖς
1051 3201 1283 3263 παιδείας
1325 3203 1716 3277 μεταποιεμένοις
1756 3198 1923 3271 οφελος
1964 3202 2184 3280 φέροντά.
2255 3197 2346 3258 At

623 3301 796 3382 longe
835 3298 1013 3360 alium
1063 3296 1329 3357 animum
1368 3293 1670 3377 Longinus
1711 3315 1837 3374 prae
1878 3292 1930 3354 se
1974 3291 2136 3354 tulit.
2208 3289 2344 3351 Tali

622 3396 780 3457 enirn
810 3392 1152 3467 constantia,
1183 3390 1282 3453 tali
1309 3390 1488 3452 animi
1521 3392 1726 3452 robore
1755 3389 2105 3471 supplicium
2146 3385 2345 3460 subiit,

625 3510 713 3565 ut,
743 3493 846 3576 qui
878 3492 997 3574 ipse
1022 3492 1403 3554 consolandus
1434 3490 1596 3562 ess‘et,
1638 3488 1889 3550 aliorum
1929 3488 2004 3548 ex
2047 3485 2156 3547 hac
2193 3484 2347 3545 cala·

623 3591 829 3651 mitate
859 3587 1183 3671 susceptum
1223 3587 1486 3647 dolorem
1517 3585 1927 3647 consolaretur.
2014 3582 2106 3644 Ita
2146 3579 2241 3642 ille
2282 3579 2346 3643 in

623 3687 746 3768 ipso
773 3686 976 3748 mortis
1006 3685 1252 3748 articulo
1278 3704 1481 3746 verum
1519 3683 1570 3743 se
1614 3683 2030 3765 philosophum
2057 3676 2346 3761 praestit‘m·

624 3776 1152 3868 fanss'tiffimumque
1182 3785 1506 3856 Socratem,
1542 3781 1616 3843 ad
1646 3778 1811 3859 cujus
1839 3795 2105 3841 normam
2133 3787 2190 3837 et
2222 3773 2345 3836 stu-
