2514 4484
660 561 1441 617 EHILOLOGICA.
1838 578 1907 635 33

186 690 574 768 dissentientes
616 703 941 766 sumebant.
980 776 983 777 ⁷
1012 705 1339 767 Accusatus
1381 715 1501 767 erat
1551 704 1768 764 Paulus
1807 705 1910 768 Sa.-

187 788 513 869 mosatenus
549 824 699 864 cum·
719 804 809 864 ,ob
851 802 986 864 alias
1028 802 1352 883 opinioneS,
1383 824 1529 882 quas
1555 801 1755 862 referre
1781 801 1910 860 lon-

180 895 330 983 gum
357 897 461 972 est,
503 911 563 961 et
594 901 754 962 haud
782 899 1178 971 neceffarium,
1207 911 1342 960 tum
1370 901 1449 960 ob
1476 898 1768 976 Judaismi
1795 898 1908 959 sus-

180 996 476 1078 picionem
497 1024 518 1069 3
561 1018 707 1058 mox
754 997 932 1057 etiam
975 998 1223 1057 Patrum
1265 997 1501 1056 decreto
1547 995 1910 1076 Episcopatu

181 1092 560 1155 Antiocheno
611 1094 889 1173 dejectus,
973 1096 1166 1156 Hunc
1216 1094 1292 1154 ab
1348 1092 1676 1154 adversariis
1734 1096 1908 1154 vehe-

181 1200 409 1250 menter
429 1190 819 1271 exagitatum,
837 1212 972 1252 cum
1000 1190 1286 1264 Zenobia,
1311 1190 1519 1252 mulier.
1546 1190 1908 1271 philosopha,

180 1297 239 1347 et
279 1286 342 1348 in
382 1287 659 1370 religione
704 1288 923 1348 diversa
964 1288 1269 1349 sentientes
1296 1288 1463 1350 facile
1491 1288 1700 1366 ferens,
1732 1301 1908 1351 tuen-

176 1384 326 1445 dum
353 1383 696 1464 suscepisset,
726 1384 1086 1457 orthodoxi,
1115 1387 1380 1446 dolorem
1409 1407 1592 1466 quem
1633 1385 1770 1446 inde
1810 1409 1906 1448 ce-

176 1491 402 1560 perant,
459 1479 819 1553 ulciscentes‚
874 1501 998 1549 non
1047 1481 1228 1542 modo
1278 1482 1535 1543 Paulum
1584 1483 1906 1543 Samosate-

83 1636 85 1640 .
176 1598 325 1638 num
364 1579 439 1639 ad
477 1578 631 1640 sacra
671 1579 918 1657 Judaica
958 1578 1251 1652 transiisse,
1291 1579 1388 1641 sed
1430 1579 1551 1658 ejus
1593 1579 1769 1641 etiam
1798 1603 1906 1661 pa-

178 1684 411 1736 tronam
434 1675 710 1752 Judaeam
738 1677 871 1747 effe,
901 1675 1004 1736 suo
1039 1673 1167 1755 jure
1205 1677 1551 1738 clamarunt.
1638 1679 1906 1739 Fuerunt

176 1770 331 1832 inter
366 1772 733 1849 recentiore5‚
761 1772 886 1853 qui,
927 1787 998 1835 ut
1040 1794 1196 1834 error
1236 1794 1487 1834 errorem
1512 1794 1709 1853 parere
1737 1774 1902 1845 solet,

159 1868 427 1947 .Moysen
469 1890 505 1928 a
551 1868 825 1950 Longino
862 1870 925 1930 in
967 1868 1248 1937 Zenobiae
1294 1869 1542 1950 gratiam
1592 1871 1904 1932 laudatum

174 1964 598 2032 existimarunt.
684 1969 962 2049 Qorum
1002 1965 1205 2046 opinio
1251 1978 1386 2027 tum
1435 1965 1560 2028 aliis
1609 1967 1684 2029 de
1724 1971 1902 2034 caulis

169 2083 385 2145 parum
424 2064 745 2146 probabilis
793 2065 896 2139 est,
948 2076 1082 2126 turn
1129 2066 1295 2146 quod
1340 2065 1650 2146 Longinus
1685 2064 1904 2128 librum

172 2160 291 2244 Περὶ
317 2161 507 2238 Ὕψες,
538 2173 595 2222 et
626 2162 844 2243 reliqua
872 2183 1046 2242 opera
1073 2160 1288 2235 omnia,
1315 2182 1440 2224 uno
1468 2161 1690 2233 libello,
1718 2183 1902 2243 quem

173 2255 248 2315 de
291 2256 591 2318 Odenathi
619 2256 891 2320 laudibus
920 2256 1156 2339 scr-ipsit,
1192 2269 1461 2337 exceptO,
1493 2256 1765 2330 Athenis,
1794 2280 1901 2321 an.-

171 2360 417 2431 tequam
453 2351 514 2413 in
557 2353 846 2421 Zenobiae
875 2353 1152 2419 notitiam
1180 2353 1442 2427 veniffet,
1473 2351 1710 2422 edidifl'e
1737 2353 1900 2417 vide·

170 2459 286 2511 tur.
372 2453 537 2515 Nam
563 2451 852 2532 Palmyrae
894 2453 1051 2522 nulla
1089 2452 1376 2512 librorum
1418 2452 1783 2517 edendorum
1811 2453 1897 2513 fa«—

167 2547 354 2613 cultas
397 2548 666 2625 dabatur,
714 2551 1146 2622 deficientibuS,
1183 2571 1438 2631 quorum
1477 2572 1659 2611 manu
1702 2563 1898 2613 utere·

168 2656 285 2718 tur,
328 2643 598 2721 librarii&
647 2658 718 2709 ut
767 2646 885 2728 ipse
931 2648 993 2730 in
1041 2651 1156 2728 Ep.
1200 2650 1276 2710 ad
1319 2650 1604 2729 Porphyr.
1657 2671 1717 2730 p.
1759 2672 1895 2729 124.

167 2741 450 2821 queritur.
537 2744 637 2805 Ne
679 2745 874 2811 otium
902 2746 1147 2827 quidem
1189 2747 1261 2806 ad
1306 2748 1482 2806 talem
1525 2747 1896 2828 scriptionem

165 2840 241 2898 ab
279 2838 401 2900 aliis
440 2843 612 2903 rebus
651 2853 791 2911 erat.
868 2845 1121 2905 Venerat
1170 2843 1265 2916 ille
1305 2843 1548 2925 quidem
1587 2845 1650 2908 in
1694 2840 1894 2925 aulam

166 2934 593 3017 Palmyrenam‚
639 2950 709 2999 ut
760 2940 1090 3004 Zenobiam
1136 2941 1358 3002 Graecis
1399 2940 1578 3003 literis
1618 2943 1892 3009 erudiret.

167 3031 284 3090 Sed
313 3052 457 3094 mox
487 3035 773 3111 Zenobia,
800 3057 941 3098 cum
971 3036 1088 3119 ipsa
1114 3037 1342 3118 impe-rii
1369 3039 1624 3106 habenas
1654 3044 1891 3121 capeffi-

165 3125 351 3199 viffet,
402 3141 461 3190 et
508 3129 797 3198 summam
844 3155 1040 3204 rerum
1087 3133 1472 3215 gerendarum
1511 3138 1893 3216 prudentiam

162 3221 223 3282 in
262 3223 538 3306 Longino
579 3228 973 3308 perspexisset,
1014 3230 1135 3311 ejus
1179 3231 1434 3298 maxime
1478 3233 1723 3301 confiliis
1760 3257 1891 3316 reg-

162 3341 311 3383 num
355 3321 748 3392 administrare
803 3316 1045 3388 statuit.
1120 3327 1367 3390 Photius
1410 3331 1449 3390 1.
1491 3351 1543 3404 c.
1589 3332 1668 3394 καὶ
1715 3336 1891 3394 nono?

161 3421 506 3500 συνηγωνίζετο
537 3424 749 3501 zanoe&
776 3427 842 3507 τῇ
868 3435 900 3483 ·“τ”·
923 3428 1186 3502 Ὀσ-ροηνῶν
1212 3428 1462 3511 βασιλίδι,
1499 3435 1532 3486 ‘²1²
1562 3429 1727 3509 deperiit
1757 3458 1891 3490 nocr-

160 3516 322 3598 εχέσῃ
363 3519 616 3584 Ὀδηνοῖθε
656 3521 703 3578 ff
726 3522 890 3604 ἀνδρὸς
926 3524 1072 3589 αᾶτῦἷς
1112 3529 1521 3595 τετελευτηκότος,
1593 3523 1799 3585 Suidas
1830 3549 1890 3591 v.

159 3618 422 3692 Λογγῖνος
483 3618 687 3699 ἀνῃρέθη
732 3619 815 3677 ὄπ’
858 3621 1134 3702 Αιῖξῃλιανὲ
1173 3621 1234 3685 ὦς
1277 3622 1499 3699 σόμπνες
1545 3623 1777 3700 Ζηνοέἶρι,
1821 3612 1905 3707 τῇ.

158 3709 407 3777 ζΟδηυοίθε
455 3714 671 3791 γυναικί.
740 3713 909 3784 Tum
951 3715 1262 3796 Longinus
1310 3736 1419 3795 pro
1461 3715 1562 3775 illo
1603 3714 1889 3808 libertatis

162 3821 381 3879 amore,
412 3808 515 3890 qui
557 3811 780 3892 magnis
825 3810 1069 3894 ingeniis
1109 3810 1372 3894 proprius
1414 3812 1524 3872 effe
1566 3812 1885 3893 soletfiffief

1000 3915 1042 3954 1>
