2514 4484
287 896 309 906 ”
393 893 1068 1004 DISSERTATIO
1127 877 1848 967 P'HILOLooroA
1932 975 1937 978 ,

1079 1153 1163 1221 122

554 1289 863 1419 «VI-TA
927 1353 1060 1416 ET
1124 1352 1644 1415 SCRIPTIS

830 1565 1422 1649 LONGINI.

984 2009 1181 2069 SEcr.
1213 2009 1263 2070 Ι.

244 2109 822 2229 'QUANQUAM
861 2146 1040 2206 bonae
1082 2147 1292 2218 literae,
1338 2157 1396 2206 et
1439 2147 1717 2227 praeclara
1764 2145 1998 2227 ingenia

266 2241 460 2304 seculo
498 2242 674 2304 tertio
714 2263 833 2303 una
873 2263 1011 2302 cum
1053 2239 1176 2322 ipso
1205 2240 1451 2323 imperio
1487 2245 1767 2304 Romano
1795 2243 1997 2301 conci-

265 2339 502 2412 derunt,
535 2353 756 2411 tamen,
787 2338 848 2399 in
876 2352 1044 2400 tanta
1083 2339 1263 2400 etiam
1306 2341 1678 2401 converfione
1707 2361 1900 2400 rerum
1931 2361 1999 2400 ac

258 2438 730 2517 perturbatione,
752 2435 865 2504 fuit
895 2435 1102 2518 aliquis
1132 2436 1550 2498 excellentium
1580 2437 1836 2498 virorum
1864 2458 1999 2518 pro-

208 2587 224 2603 „
267 2546 499 2595 ventus·
586 2536 864 2617 Qorum
927 2534 1100 2615 longe
1157 2533 1443 2614 principes
1499 2547 1882 2596 numerantur
1939 2536 2001 2595 in

266 2632 468 2714 primis
494 2633 615 2693 duo
632 2659 650 2704 3
698 2630 1026 2713 Longinus,
1058 2632 1158 2694 cui
1186 2633 1278 2693 vel
1306 2632 1546 2694 meliora
1576 2645 1840 2714 tempora
1869 2655 2001 2714 per-

251 2728 486 2812 ‘'paucos
513 2750 677 2810 pares
707 2731 988 2802 tulerunt,
1021 2751 1088 2791 ac
1124 2731 1498 2812 Porphyriu5‚
1536 2753 1567 2792 e
1597 2731 1853 2814 Longini
1884 2733 1999 2793 dis-

251 2825 483 2907 ·ciplina
525 2824 842 2907 profectuS,
884 2839 943 2888 et
981 2828 1057 2887 ad
1103 2827 1357 2909 magistri
1396 2829 1619 2900 laude5‚
1662 2851 2003 2911 quanquam

270 2924 449 3005 longo
490 2921 818 2995 intervallo,
863 2922 1133 3003 proxime
1175 2924 1473 2986 accedens,
1561 2925 1874 3005 Porphyrii
1916 2926 2003 2986 vi-

252 3033 420 3091 tam,
451 3019 660 3092 studia,
706 3032 764 3080 et
806 3014 1017 3099 scripta
1053 3020 1246 3080 Lucas
1276 3019 1641 3092 HolsteniuS,
1674 3022 1764 3082 vir
1792 3037 2006 3103 magna

272 3127 332 3177 et
375 3117 675 3177 recondita
714 3115 1064 3188 eruditione,
1112 3129 1236 3177 tam
1279 3130 1546 3178 accurate
1588 3119 1895 3192 enarravit,
1933 3133 2004 3179 ut

273 3215 615 3294 exemplum
642 3213 868 3274 dederit
898 3212 1024 3274 talis
1053 3212 1307 3274 historiae
1335 3215 1485 3276 bene
1513 3215 1848 3279 scribendae.
1918 3221 2006 3277 At

276 3309 534 3391 Longini
563 3309 856 3371 memoriae
883 3309 987 3392 qui
1014 3310 1133 3390 pari
1164 3323 1222 3371 et
1252 3332 1394 3373 cura
1435 3326 1493 3373 et
1525 3312 1811 3374 doctrinae
1837 3312 2006 3393 copia

255 3407 617 3479 consuleret,
676 3408 872 3468 adhuc
925 3406 1135 3467 scimus
1182 3419 1480 3488 repertum
1528 3410 1639 3468 effe
1688 3408 2005 3471 neminem.

255 3507 421 3587 „Qo
449 3503 632 3584 magis
660 3501 958 3574 convenit,
1005 3502 1251 3563 eandem
1279 3503 1387 3575 illi,
1418 3517 1521 3565 aut
1546 3504 1731 3566 etiam
1759 3503 2008 3588 diligen-

281 3603 516 3682 tiorem,
540 3603 589 3666 fi
616 3601 738 3679 fieri
762 3600 975 3684 potest,
1006 3620 1246 3681 operam
1276 3623 1503 3666 navare.
1886 3590 1888 3592 ’
