2514 4484
592 511 662 562 16
1096 471 1828 575 DISSERTArro

578 651 761 713 finem
790 649 1020 728 faceret,
1049 674 1224 735 grave
1252 655 1363 715 effe
1391 653 1587 715 dicens
1615 652 1897 725 differere,
1939 652 2330 732 praesentibus,

581 744 670 821 iis,
718 747 845 829 qui,
893 770 1035 830 quae
1078 750 1415 822 traduntur,
1461 769 1632 830 aeque
1675 758 1934 822 teneant,
1982 762 2179 829 atque·
2204 732 2331 829 ipsei-

583 843 690 924 qui
746 845 942 906 docet.
1031 846 1134 906 Ob
1179 867 1363 928 quam
1412 867 1553 907 cum
1603 845 1843 907 Plotino
1893 858 1953 906 et
1997 845 2364 932 Porphyrio3

582 939 1097 1014 consuetudinem,
1124 944 1340 1003 Romae
1384 941 1735 1016 institutam,
1768 941 2060 1022 Origenes
2079 942 2155 1002 ab
2192 944 2320 1016 Eu-

583 1039 763 1118 napio
811 1038 887 1101 in¹
922 1040 1209 1121 Porphyr.
1260 1061 1321 1121 p.
1361 1038 1846 1124 17.-7-Porphyrii
1892 1038 2326 1120 condiscipulus-

582 1147 850 1210 vocatur,
895 1134 1125 1210 frustra,
1153 1148 1225 1198 ut
1269 1135 1437 1198 nobis
1479 1136 1736 1209 videtur,
1766 1126 2020 1211 Huetio,
2046 1137 2089 1206 l.
2121 1150 2331 1208 ester-,-

583 1231 739 1303 tium
770 1231 1029 1314 aliquem
1058 1232 1380 1316 Origenem
1407 1255 1482 1295 ex
1510 1233 1609 1295 illo
1637 1235 1769 1294 loco
1796 1235 2078 1314 fingente.
2151 1234 2331 1318 Lon-5

583 1329 761 1411 ginus
787 1343 989 1392 autem
1018 1348 1139 1391 non
1180 1331 1423 1405 Rornae,
1451 1331 1547 1400 sed
1575 1329 1973 1402 Alexandriae,
2003 1318 2335 1412 origenem*

583 1426 837 1501 audivit,
880 1429 1047 1509 quod
1090 1448 1212 1509 quo
1262 1440 1528 1508 tempore
1581 1427 1864 1510 Origenes
1912 1427 2131 1488 Rornae
2181 1446 2327 1489 cum

584 1522 825 1598 Plotino
877 1538 936 1586 et
980 1522 1307 1605 Porphyrio
1354 1524 1708 1596 versabatur,
1754 1523 1871 1603 ipse
1912 1523 2039 1602 jam
2090 1523 2328 1586 dudum

584 1621 842 1683 Athenis
869 1622 1052 1682 bonas
1091 1633 1240 1681 artes
1283 1619 1622 1699 tradiderat,
1664 1619 2179 1700 Porphyriumque
2205 1618 2333 1680 for-1

584 1729 792 1777 marat.
881 1717 1050 1777 Idem
1092 1714 1152 1776 in
1194 1715 1547 1777 Praefatione
1589 1714 1722 1776 libri
1763 1716 1878 1792 Περὶ
1919 1703 2332 1796 Tiasr,;„quarri·

586 1835 707 1873 non
751 1813 923 1873 semel
960 1811 1353 1885 laudavimus»,
1396 1811 1660 1883 testatur,
1700 1810 2021 1892 Origenem
2063 1809 2218 1871 nihil·
2249 1812 2334 1887 de,

583 1909 951 1991 philosophia
999 1910 1303 1995 literarum
1342 1907 1747 1970 monumentis
1791 1908 2110 1979 mandafi'e,
2153 1921 2249 1986 et„
2285 1909 2337 1970 fi»

590 2005 740 2086 quid
767 2004 978 2077 exstet,
1005 2007 1172 2067 velut
1211 2004 1360 2081 liber
1396 2007 1513 2090 Περὶ
1545 1997 1823 2085 ᾼαιμὸνωιὲ,
1861 2002 2090 2079 levioris
2116 2024 2334 2085 ,operae

585 2103 719 2175 effe,
750 2116 931 2184 atque
957 2102 1117 2163 aliud
1146 2102 1341 2184 agenti
1367 2100 1663 2162 excidiffe.
1725 2102 1823 2162 Ex
1852 2099 1952 2161 illo
1979 2099 2131 2161 libro
2159 2121 2329 2182 quae·

585 2201 726 2262 dam
789 2201 955 2261 affert
1012 2202 1252 2262 Proclus
1307 2198 1370 2260 in
1422 2198 1682 2262 Platonis
1735 2198 2174 2279 Timaeum,·p.
2225 2218 2334 2276 24„

587 2295 795 2357 Alium
842 2294 965 2375 ejus
1015 2295 1287 2357 libellum
1337 2297 1538 2358 laudat
1591 2294 1945 2377 Porphyrius
1994 2293 2057 2356 in
2106 2291 2338 2355 Plotini

588 2393 752 2469 Vita,
794 2413 854 2473 p.
891 2412 993 2477 97.
1037 2394 1114 2453 ὅτι
1156 2398 1300 2473 μόνος
1343 2396 1551 2458 ποιητὴς
1587 2398 1610 2453 ὅ
1652 2394 1935 2469 βασιλεύω
1981 2392 2055 2453 de
2084 2411 2203 2472 qua
2237 2391 2331 2451 in-

587 2488 901 2571 scriptione
943 2488 1056 2549 alii.
1084 2490 1268 2551 aliter.
1341 2491 1604 2551 Valesius
1647 2490 1721 2549 ad
1753 2489 1965 2551 Euseb.
1994 2491 2037 2551 l.
2071 2510 2127 2550 c.
2153 2488 2329 2550 libel-

588 2587 1085 2669 lum-suspicatur
1136 2601 1546 2669 comparatum
1594 2587 1765 2648 fuisse
1821 2587 1895 2647 ad
1949 2583 2328 2668 Imperatoris

591 2684 842 2746 Gallieni
898 2683 1241 2747 facultatem
1297 2685 1599 2747 Poeticam
1656 2683 2034 2745 laudandam.
2138 2683 2328 2770 Cujus

590 2780 933 2862 opinionem
957 2780 1167 2843 merito
1196 2782 1466 2862 repudiat
1499 2780 1822 2854 Fabricius,
1852 2782 2012 2844 Bibl.
2031 2783 2137 2843 Gr.
2170 2790 2216 2843 t.
2242 2781 2323 2842 iv.

587 2900 650 2960 p.
690 2902 787 2963 79.
872 2882 1034 2942 Nam
1085 2900 1277 2960 neque
1322 2880 1664 2962 Origenern,
1711 2879 1974 2960 primum
2023 2879 2333 2955 Graecum„

470 3020 479 3029 ·
587 2977 802 3039 deinde
843 2976 1285 3059 philosophum,
1316 2977 1586 3049 decebat,
1617 2974 1720 3037 fibi
1748 2976 1822 3036 de
1861 2974 2115 3052 versibus
2159 2973 2357 3066 Lati&

588 3073 678 3138 nis
717 3073 1013 3155 judicium
1054 3095 1336 3157 arrogare,
1384 3094 1574 3155 neque
1618 3085 1739 3134 tam
1785 3071 1948 3146 foeda
1984 3064 2336 3155 ignavissimi,-

589 3172 968 3253 Imperatoris
1011 3171 1274 3233 adulatio
1322 3170 1383 3232 in
1425 3191 1663 3255 gravem
1707 3169 2119 3250 philosophum
2147 3169 2332 3250 ,ea-de*-

586 3270 713 3332 bat.
784 3269 1010 3331 Melius
1040 3267 1220 3350 igitur
1247 3266 1344 3329 alii
1370 3266 1591 3342 sensum
1619 3266 2094 3347 philosophicum
2123 3259 2331 3342 ,iniboc

588 3366 782 3429 indice
816 3368 1228 3447 quaefiverunt,
1272 3377 1343 3427 ut
1387 3367 1734 3438 Bruckerus,
1781 3362 2124 3434 Hist.‚Phil.
2170 3373 2324 3426 tom.

588 3463 652 3524 ii.
710 3482 847 3545 pag.
897 3465 1038 3525 216.
1094 3462 1383 3544 quamvis,
1435 3461 1621 3545 qualis
1667 3461 1869 3536 fuerit,
1917 3482 2095 3524 nemo
2143 3482 2330 3544 expe-

588 3558 820 3621 diverit.
896 3558 1091 3622 Nobis
1120 3559 1179 3621 in
1210 3572 1470 3622 mentem
1497 3558 1658 3621 venit
1688 3560 1872 3642 legere
1894 3583 1933 3631 εἸ
1958 3560 2033 3620 ὅτι
2062 3560 2144 3627 νῗίς
2171 3586 2331 3625 πνουν-Ὶ

586 3659 671 3723 vic
705 3657 790 3718 καὶ
834 3660 1095 3735 βασιλεῦς,
1144 3657 1205 3720 id
1252 3657 1357 3731 est,
1407 3673 1624 3720 mentem
1675 3658 1770 3719 hoc
1812 3660 2107 3741 universum
2149 3656 2332 3718 condi-

584 3754 724 3835 diffi’,
767 3768 818 3815 et
861 3756 1121 3844 conditum
1152 3777 1360 3839 regere.
1450 3757 1543 3827 Ita
1569 3754 1717 3824 liber
1747 3753 1990 3837 scriptus
2015 3751 2103 3824 est
2131 3752 2210 3817 ad
2237 3767 2333 3831 reg
